<record><leader>00000cas a22000007a 4500</leader><controlfield tag="001">10742733</controlfield><controlfield tag="008">840517c19019999wvuwr n       0   a0eng d</controlfield><datafield ind1=" " ind2=" " tag="010"><subfield code="a">sn 84008412 </subfield></datafield><datafield ind1=" " ind2=" " tag="040"><subfield code="a">NSD</subfield><subfield code="b">eng</subfield><subfield code="c">NSD</subfield><subfield code="d">WVC</subfield><subfield code="d">OCL</subfield><subfield code="d">NVK</subfield><subfield code="d">OCLCQ</subfield></datafield><datafield ind1=" " ind2=" " tag="012"><subfield code="m">1</subfield></datafield><datafield ind1="1" ind2=" " tag="022"><subfield code="a">0747-3303</subfield><subfield code="l">0747-3303</subfield><subfield code="2">1</subfield></datafield><datafield ind1=" " ind2=" " tag="032"><subfield code="a">422420</subfield><subfield code="b">USPS</subfield></datafield><datafield ind1=" " ind2=" " tag="037"><subfield code="b">The Parsons Advocate, 212 Main St., Parsons, WV 26287</subfield></datafield><datafield ind1=" " ind2=" " tag="042"><subfield code="a">nsdp</subfield></datafield><datafield ind1=" " ind2="0" tag="222"><subfield code="a">Parsons advocate</subfield></datafield><datafield ind1="0" ind2="0" tag="245"><subfield code="a">Parsons advocate.</subfield></datafield><datafield ind1=" " ind2=" " tag="260"><subfield code="a">Parsons, W. Va. :</subfield><subfield code="b">A.A. Dorsey,</subfield><subfield code="c">1901-</subfield></datafield><datafield ind1=" " ind2=" " tag="310"><subfield code="a">Weekly</subfield></datafield><datafield ind1="0" ind2=" " tag="362"><subfield code="a">Vol. 5, no. 18 (Mar. 7, 1901)-</subfield></datafield><datafield ind1=" " ind2=" " tag="752"><subfield code="a">United States</subfield><subfield code="b">West Virginia</subfield><subfield code="c">Tucker</subfield><subfield code="d">Parsons.</subfield></datafield><datafield ind1="0" ind2="0" tag="780"><subfield code="t">Parsons city advocate</subfield><subfield code="w">(DLC)sn 86092348</subfield></datafield><datafield ind1="0" ind2="6" tag="780"><subfield code="t">Tucker democrat (Parsons, W. Va. : 194u)</subfield><subfield code="w">(DLC)sn 86092321</subfield></datafield><datafield ind1="1" ind2=" " tag="029"><subfield code="a">AU@</subfield><subfield code="b">000041244584</subfield></datafield></record>